<?xml version="1.0" encoding="UTF-8"?><collection xmlns="http://www.loc.gov/MARC21/slim"><record><leader>00611nam--2200193-i-4500</leader><controlfield tag="001">000011721</controlfield><controlfield tag="002">20161230</controlfield><controlfield tag="005">20161230201029</controlfield><controlfield tag="008">060222s1000------------r-----000-0-eng-d</controlfield><datafield ind1=" " ind2=" " tag="020"><subfield code="a">3540074236</subfield></datafield><datafield ind1=" " ind2=" " tag="040"><subfield code="a">IFIN-HH</subfield></datafield><datafield ind1=" " ind2=" " tag="080"><subfield code="a">535.1</subfield></datafield><datafield ind1="1" ind2=" " tag="100"><subfield code="a">Hohler, G</subfield></datafield><datafield ind1="1" ind2="0" tag="245"><subfield code="a">Springer tracts in modern physics ergebnisse der exakten naturwissenschaften</subfield><subfield code="b">Volume 75. light scattering by phonon-polaritons</subfield><subfield code="c">G. hohler (ed.) r. claus, l. merten, j. brandmuller</subfield></datafield><datafield ind1=" " ind2=" " tag="260"><subfield code="a">Berlin</subfield><subfield code="b">Springer-verlag</subfield><subfield code="c">1975</subfield></datafield><datafield ind1=" " ind2=" " tag="300"><subfield code="a">VII + 237 P</subfield></datafield><datafield ind1="1" ind2=" " tag="700"><subfield code="a">Brandmuller, J</subfield></datafield><datafield ind1=" " ind2=" " tag="852"><subfield code="a">506</subfield><subfield code="c">53</subfield></datafield><datafield ind1=" " ind2=" " tag="CAT"><subfield code="a">Sys</subfield><subfield code="c">20141216</subfield><subfield code="h">165621</subfield></datafield></record></collection>